
@article{PennTreebank,
    author = {TreeBank},
    title     = {NLTK: Corpus Readers},
    url       = {http://www.nltk.org/howto/corpus.html}
}

@article{CKY,
    author = {CKY},
    title     = {CKY algorithm},
    url       = {https://en.wikipedia.org/wiki/CYK_algorithm}
}

@article{CNF,
    author = {CNF},
    title     = {CNF: Chomsky Normal Form},
    url       = {https://en.wikipedia.org/wiki/Chomsky_normal_form}
}

@article{git,
    author = {GitHub},
    title     = {PCFG and CKY - NLU},
    url       = {https://github.com/Aadesh-Magare/PCFG_CKY_NLU}
}

@article{stanford,
    author = {Parser},
    title     = {Stanford Parser},
    url       = {http://nlp.stanford.edu:8080/parser/index.jsp}
}

@article{link,
    author = {Url},
    title     = {Download PCFG},
    url       = {https://drive.google.com/open?id=1ciamamWs6XDXhdCeGZ3tEBUtj59ypY13}
}
